<record><leader>00000cas a22000007a 4500</leader><controlfield tag="001">18865158</controlfield><controlfield tag="008">881209c19uu9999mouwr ne      0   a0eng c</controlfield><datafield ind1=" " ind2=" " tag="010"><subfield code="a">sn 88068119 </subfield></datafield><datafield ind1=" " ind2=" " tag="040"><subfield code="a">MQN</subfield><subfield code="b">eng</subfield><subfield code="c">MQN</subfield><subfield code="d">NSD</subfield><subfield code="d">OCLCQ</subfield></datafield><datafield ind1=" " ind2=" " tag="012"><subfield code="m">1</subfield></datafield><datafield ind1="1" ind2=" " tag="022"><subfield code="a">1070-9126</subfield><subfield code="l">1070-9126</subfield><subfield code="2">1</subfield></datafield><datafield ind1=" " ind2=" " tag="032"><subfield code="a">380490</subfield><subfield code="b">USPS</subfield></datafield><datafield ind1=" " ind2=" " tag="037"><subfield code="b">Anderson Graphic, PO Box 266, Pineville, MO 64856</subfield></datafield><datafield ind1=" " ind2=" " tag="042"><subfield code="a">nsdp</subfield><subfield code="a">pcc</subfield></datafield><datafield ind1=" " ind2="0" tag="222"><subfield code="a">Anderson graphic</subfield></datafield><datafield ind1="0" ind2="0" tag="245"><subfield code="a">Anderson graphic.</subfield></datafield><datafield ind1=" " ind2=" " tag="260"><subfield code="a">Anderson, Mo. :</subfield><subfield code="b">Pogue &amp; Pogue</subfield></datafield><datafield ind1=" " ind2=" " tag="300"><subfield code="a">v.</subfield></datafield><datafield ind1=" " ind2=" " tag="310"><subfield code="a">Weekly</subfield></datafield><datafield ind1=" " ind2=" " tag="500"><subfield code="a">Publisher varies: Pogue Pub. Co., &lt;June 30, 1993-&gt;</subfield></datafield><datafield ind1=" " ind2=" " tag="588"><subfield code="a">Description based on: Vol. 26, no. 30 (Nov. 16, 1977).</subfield></datafield><datafield ind1=" " ind2=" " tag="588"><subfield code="a">Latest issue consulted: Vol. 43, no. 21 (June 30, 1993).</subfield></datafield><datafield ind1=" " ind2="4" tag="651"><subfield code="a">Anderson (Mo.)</subfield><subfield code="v">Newspapers.</subfield></datafield><datafield ind1=" " ind2=" " tag="752"><subfield code="a">United States</subfield><subfield code="b">Missouri</subfield><subfield code="c">McDonald</subfield><subfield code="d">Anderson.</subfield></datafield></record>